<record><leader>00000cas a22000007a 4500</leader><controlfield tag="001">12920503</controlfield><controlfield tag="008">851216d18431847pauwr ne      0    0eng d</controlfield><controlfield tag="009">5601</controlfield><datafield ind1=" " ind2=" " tag="010"><subfield code="a">sn 85055200 </subfield></datafield><datafield ind1=" " ind2=" " tag="040"><subfield code="a">NPH</subfield><subfield code="b">eng</subfield><subfield code="c">NPH</subfield><subfield code="d">DLC</subfield><subfield code="d">NPH</subfield></datafield><datafield ind1="1" ind2=" " tag="029"><subfield code="a">AU@</subfield><subfield code="b">000025804706</subfield></datafield><datafield ind1=" " ind2=" " tag="042"><subfield code="a">msc</subfield></datafield><datafield ind1="0" ind2="0" tag="050"><subfield code="a">Newspaper 9375-X</subfield></datafield><datafield ind1="0" ind2=" " tag="130"><subfield code="a">Lewisburg chronicle (Lewisburg, Pa. : 1843)</subfield></datafield><datafield ind1="0" ind2="4" tag="245"><subfield code="a">The Lewisburg chronicle.</subfield></datafield><datafield ind1=" " ind2=" " tag="260"><subfield code="a">Lewisburg, Pa. :</subfield><subfield code="b">Shriner and Burkenbine,</subfield><subfield code="c">1843-</subfield></datafield><datafield ind1=" " ind2=" " tag="300"><subfield code="a">v. ;</subfield><subfield code="c">54-70 cm.</subfield></datafield><datafield ind1=" " ind2=" " tag="310"><subfield code="a">Weekly</subfield></datafield><datafield ind1="0" ind2=" " tag="362"><subfield code="a">Vol. 1, no. 1 (Sept. 23, 1843).</subfield></datafield><datafield ind1="1" ind2=" " tag="362"><subfield code="a">Ceased with June 26, 1847 issue?</subfield></datafield><datafield ind1=" " ind2=" " tag="500"><subfield code="a">Published every Saturday morning.</subfield></datafield><datafield ind1=" " ind2=" " tag="752"><subfield code="a">United States</subfield><subfield code="b">Pennsylvania</subfield><subfield code="c">Union</subfield><subfield code="d">Lewisburg.</subfield></datafield><datafield ind1="0" ind2="0" tag="785"><subfield code="t">Lewisburg chronicle, and Union County general advertiser</subfield><subfield code="w">(DLC)sn 86083439</subfield></datafield></record>